@misc{jniWebsite,
    author    = "Chris Cannam",
    title     = "Wrapping a C++ library with JNI",
    howpublished       = "\url{https://thebreakfastpost.com/2012/01/21/wrapping-a-c-library-with-jni-introduction/}",
    keywords  = "C++, CODE, JAVA, JNI, SUN",
    year = {2012}
}

@misc{regex,
author = "npinti",
title = "StakOverflow - Regex to Validate Port Number",
howpublished = "\url{http://stackoverflow.com/questions/12968093/regex-to-validate-port-number}",
year = {2012}
}

